@misc{dorsey_2019_energy,
  author = {Dorsey, Piccirilli},
  title = {Energy Efficiency | EESI},
  url = {https://www.eesi.org/topics/energy-efficiency/description},
  year = {2019},
  organization = {Eesi.org}
}

@misc{tuovila_2019_what,
  author = {TUOVILA,  ALICIA },
  editor = {BERRY-JOHNSON,  JANET  },
  title = {What is "Amortization period"},
  url = {https://www.investopedia.com/terms/a/amortization.asp},
  year = {2019},
  organization = {Investopedia}
}

@article{khatib_2013_a,
  author = {Khatib, Tamer and Mohamed, Azah and Sopian, K.},
  month = {06},
  pages = {454-465},
  title = {A review of photovoltaic systems size optimization techniques},
  doi = {10.1016/j.rser.2013.02.023},
  urldate = {2020-09-08},
  volume = {22},
  year = {2013},
  journal = {Renewable and Sustainable Energy Reviews}
}

@article{notton_2010_optimal,
  author = {Notton, G. and Lazarov, V. and Stoyanov, L.},
  month = {02},
  pages = {541-554},
  title = {Optimal sizing of a grid-connected PV system for various PV module technologies and inclinations, inverter efficiency characteristics and locations},
  doi = {10.1016/j.renene.2009.07.013},
  urldate = {2020-03-26},
  volume = {35},
  year = {2010},
  journal = {Renewable Energy}
}

@article{weniger_2014_sizing,
  author = {Weniger, Johannes and Tjaden, Tjarko and Quaschning, Volker},
  pages = {78-87},
  title = {Sizing of Residential PV Battery Systems},
  doi = {10.1016/j.egypro.2014.01.160},
  volume = {46},
  year = {2014},
  journal = {Energy Procedia}
}

@article{hartner_2017_optimal,
  author = {Hartner, Michael and Mayr, Dieter and Kollmann, Andrea and Haas, Reinhard},
  month = {01},
  pages = {49-58},
  title = {Optimal sizing of residential PV-systems from a household and social cost perspective},
  doi = {10.1016/j.solener.2016.11.022},
  urldate = {2020-01-05},
  volume = {141},
  year = {2017},
  journal = {Solar Energy}
}

@misc{butzner_2017_der,
  author = {Butzner, Jan},
  month = {08},
  title = {Der wichtige Unterschied zwischen Eigenverbrauch und Autarkiegrad},
  url = {https://www.shine.eco/2017/08/10/unterschied-eigenverbrauch-autarkie/},
  year = {2017},
  organization = {shine}
}

@misc{solargain_2020_secret,
  author = {SOLARGAIN},
  title = {Secret to Saving More Money With Solar Power | Load Shifting},
  url = {https://www.solargain.com.au/load-shifting-%E2%80%93-secret-saving-more-money-solar-power},
  urldate = {2020-12-06},
  year = {2020},
  organization = {Solargain.com.au}
}

@misc{quaschning_2013_optimale,
  author = {Quaschning, Volker},
  month = {01},
  title = {Optimale Dimensionierung von PV-Speichersystemen},
  url = {https://www.volker-quaschning.de/artikel/2013-06-Dimensionierung-PV-Speicher/index.php},
  urldate = {2020-12-06},
  year = {2013},
  organization = {Volker Quaschning - Erneuerbare Energien und Klimaschutz}
}